#FLAGGA 0
#PROGRAM "Shopify→Fortnox SIE" "v0.1"
#FORMAT PC8
#GEN 20251022 "ShopifyFortnoxConverter"
#SIETYP 4
#FNAMN "Sizable Media Norrköping"
#ORGNR 9704080176
#RAR 0 20250101 20251231
#VER "A" 419 20251003 "Shopify beställningar 2025-10-03"
{
    #TRANS 1930 {} 945.67 "20251003" "Bank"
    #TRANS 6570 {} 19.13 "20251003" "Avgifter"
    #TRANS 3001 {} -771.84 "20251003" "Försäljning"
    #TRANS 2611 {} -192.96 "20251003" "Utgående moms"
}
