#FLAGGA 0
#PROGRAM "Shopify→Fortnox SIE" "v0.1"
#FORMAT PC8
#GEN 20251022 "ShopifyFortnoxConverter"
#SIETYP 4
#FNAMN "Sizable Media Norrköping"
#ORGNR 9704080176
#RAR 0 20240101 20241231
#VER "A" 419 20241231 "Shopify försäljning"
{
    #TRANS 1930 {} 945.67 "20241231" "Bank"
    #TRANS 6570 {} 19.13 "20241231" "Avgifter"
    #TRANS 3001 {} -771.84 "20241231" "Försäljning"
    #TRANS 2611 {} -192.96 "20241231" "Utgående moms"
}
